@book{service1971primitive,
  title={Primitive social organization. An evolutionary perspective.},
  author={Elman Rogers Service and Del{\'e}l{\'e}e-Desloges, Jules Gaston},
  year={1971},
  publisher={Random House}
}


@book{darwin2009annotated,
  title={The annotated origin: a facsimile of the first edition of on the origin of species},
  author={Darwin, Charles and Costa, James T},
  year={2009},
  publisher={Harvard University Press}
}

@article{mendel1866versuche,
  title={Versuche uber pflanzen-hybriden},
  author={Mendel, Gregor},
  journal={Verhandlungen des naturforschenden Vereins in Brunn fur},
  volume={4},
  pages={3--47},
  year={1866}
}

@book{fisher1958genetical,
  title={The genetical theory of natural selection},
  author={Fisher, Ronald Aylmer},
  year={1958},
  publisher={Рипол Классик}
}

@article{wright1931evolution,
  title={Evolution in Mendelian populations},
  author={Wright, Sewall},
  journal={Genetics},
  volume={16},
  number={2},
  pages={97-159},
  year={1931},
  publisher={Genetics Society of America}
}

@inproceedings{haldane1927mathematical,
  title={A mathematical theory of natural and artificial selection, part V: selection and mutation},
  author={Haldane, John Burdon Sanderson},
  booktitle={Mathematical Proceedings of the Cambridge Philosophical Society},
  volume={23},
  number={7},
  pages={838--844},
  year={1927},
  organization={Cambridge University Press}
}

@BOOK{Tufte2006,
	author = {Edward R. Tufte},
	title = {Beautiful Evidence},
	year = {2006},
	publisher = {Graphics Press, {LLC}},
	month = {May},
	edition = {First},
	place = {Cheshire, Connecticut},
	isbn = {0-9613921-7-7}
}

@BOOK{Tufte2001,
	author = {Edward R. Tufte},
	title = {The Visual Display of Quantitative Information},
	publisher = {Graphics Press},
	year = {2001},
	address = {Cheshire, Connecticut},
	isbn = {0-9613921-4-2}
}

@BOOK{Tufte1990,
	author = {Edward R. Tufte},
	title = {Envisioning Information},
	publisher = {Graphics Press},
	year = {1990},
	address = {Cheshire, Connecticut},
	isbn = {0-9613921-1-8}
}

@BOOK{Tufte1997,
	author = {Edward R. Tufte},
	title = {Visual Explanations},
	publisher = {Graphics Press},
	year = {1997},
	address = {Cheshire, Connecticut},
	isbn = {0-9613921-2-6}
}

@BOOK{Bringhurst2005,
	author = {Robert Bringhurst},
	title = {The Elements of Typography},
	publisher = {Hartley \& Marks},
	year = {2005},
	edition = {3.1},
	isbn = {0-88179-205-5}
}

@BOOK{Mittelbach2004,
	author = {Frank Mittelbach and Michel Goossens},
	title = {The \LaTeX\ Companion},
	publisher = {Addison--Wesley},
	year = {2004},
	edition = {Second},
	isbn = {0-201-36299-6}
}

@MISC{pkg-geometry,
    author = {Hideo Umeki},
    title = {The \texttt{geometry} package},
    year = {2008},
    month = dec,
    howpublished = {\url{http://ctan.org/pkg/geometry}}
}


